@MISC{chainanalysis,
   author =       {Chainalysis Team},
   title =        {Wormhole Hack: Lessons From The Wormhole Exploit},
   month =        {February},
   year =         {2022},
   url = {https://blog.chainalysis.com/reports/wormhole-hack-february-2022},
   note =         {[Online; cited on 1 September 2022]},
 }

@MISC{the_verge,
   author =       {Corin Faife},
   title =        {Wormhole cryptocurrency platform hacked for \$325 million after error on GitHub - The Verge},
   month =        {February},
   year =         {2022},
   url = {https://www.theverge.com/2022/2/3/22916111/wormhole-hack-github-error-325-million-theft-ethereum-solana},
   note =         {[Online; cited on 1 September 2022]},
 }
 
@MISC{samczsun_tweet,
   author =       {samczsun},
   title =        {How did the @wormholecrypto exploit work? I joined forces with @gf\_256 and @ret2jazzy to reverse engineer the exploit, and now that it's been patched we can finally share it with you},
   month =        {February},
   year =         {2022},
   url = {https://twitter.com/samczsun/status/1489044939732406275?s=20&t=mmUbokotEqXrszCTjGEwZw},
   note =         {[Online; cited on 2 September 2022]. Tweet},
}
 
@MISC{hack_schema,
    author = {Chainanalysis Team},
    title = {Graph\_Copy\_of\_Wormhole\_hack\_2022\_02\_02\_v2\-4\-1024x533\@2x},
    year = {2022},
    note = {[Online; accessed August 27, 2022]},
    url = {https://blog.chainalysis.com/wp-content/uploads/2022/02/Graph_Copy_of_Wormhole_hack_2022_02_02_v2-4-1024x533@2x.png}
}
